<record><leader>00000cas a22000007a 4500</leader><controlfield tag="001">14762569</controlfield><controlfield tag="008">861118c19569999txudr ne      0    0eng d</controlfield><datafield ind1=" " ind2=" " tag="010"><subfield code="a">sn 86090003 </subfield></datafield><datafield ind1=" " ind2=" " tag="040"><subfield code="a">PPM</subfield><subfield code="b">eng</subfield><subfield code="c">PPM</subfield><subfield code="d">OCLCQ</subfield></datafield><datafield ind1=" " ind2=" " tag="042"><subfield code="a">msc</subfield></datafield><datafield ind1="0" ind2="0" tag="245"><subfield code="a">Plainview daily herald.</subfield></datafield><datafield ind1=" " ind2=" " tag="260"><subfield code="a">Plainview, Tex. :</subfield><subfield code="b">Herald-News Pub. Co.</subfield></datafield><datafield ind1=" " ind2=" " tag="300"><subfield code="a">v. :</subfield><subfield code="b">ill. ;</subfield><subfield code="c">58 cm.</subfield></datafield><datafield ind1=" " ind2=" " tag="310"><subfield code="a">Daily</subfield></datafield><datafield ind1="0" ind2=" " tag="362"><subfield code="a">Vol. 54, no. 163 (July 8, 1956)-</subfield></datafield><datafield ind1=" " ind2=" " tag="752"><subfield code="a">United States</subfield><subfield code="b">Texas</subfield><subfield code="c">Hale</subfield><subfield code="d">Plainview.</subfield></datafield><datafield ind1="0" ind2="0" tag="780"><subfield code="t">Plainview evening herald</subfield><subfield code="w">(DLC)sn 86089095</subfield></datafield></record>